@incollection {springerlink:10.1007/978-3-642-22907-7_9,
	author = {Ouannes, Nesrine and Djedi, NourEddine and Duthen, Yves and Luga, Hervé},
	affiliation = {Departement of computer science, LESIA Laboratory/Med Khider Biskra University, BP 145 RP, Biskra, Algeria},
	title = {Gait Evolution for Humanoid Robot in a Physically Simulated Environment},
	booktitle = {Intelligent Computer Graphics 2011},
	series = {Studies in Computational Intelligence},
	editor = {Plemenos, Dimitri and Miaoulis, Georgios},
	publisher = {Springer Berlin / Heidelberg},
	isbn = {978-3-642-22906-0},
	keyword = {Engineering},
	pages = {157-173},
	volume = {374},
	year = {2012}
}

@incollection {springerlink:10.1007/978-3-642-32527-4_19,
	author = {Iverach-Brereton, Chris and Winton, Andrew and Baltes, Jacky},
	affiliation = {University of Manitoba, Winnipeg, MB R3T2N2, Canada},
	title = {Ice Skating Humanoid Robot},
	booktitle = {Advances in Autonomous Robotics},
	series = {Lecture Notes in Computer Science},
	editor = {Herrmann, Guido and Studley, Matthew and Pearson, Martin and Conn, Andrew and Melhuish, Chris and Witkowski, Mark and Kim, Jong-Hwan and Vadakkepat, Prahlad},
	publisher = {Springer Berlin / Heidelberg},
	isbn = {978-3-642-32526-7},
	keyword = {Computer Science},
	pages = {209-219},
	volume = {7429},
	year = {2012}
}

@INPROCEEDINGS{4983289,
	author={Clune, J. and Beckmann, B.E. and Ofria, C. and Pennock, R.T.},
	booktitle={Evolutionary Computation, 2009. CEC '09. IEEE Congress on}, title={Evolving coordinated quadruped gaits with the HyperNEAT generative encoding},
	year={2009},
	month={may},
	volume={},
	number={},
	pages={2764 -2771},
	doi={10.1109/CEC.2009.4983289},
	ISSN={},
}

@InProceedings{Yosinski2011EvolvedGaits,
	author =       {Jason Yosinski, Jeff Clune and Diana Hidalgo, Sarah Nguyen, Juan Cristobal Zagal and Hod Lipson},
	title =        {Evolving Robot Gaits in Hardware: the HyperNEAT Generative Encoding Vs. Parameter Optimization},
	booktitle =    {Proceedings of the 20th European Conference on Artificial Life},
	year =         {2011},
	month =        {August},
	numpages =     {8},
	location =     {Paris, France},
}

@InProceedings{mitpress:hypercubebasedencoding,
	author = {Kenneth O. Stanley, David B. D'Ambrosio and Jason Gauci},
	title = {A Hypercube-Based Encoding for Evolving Large-Scale Neural Networks},
	publisher = {MIT Press Journals},
	pages = {185-212},
	volume = {1},
	year = {2009}
}

@article {springerlink:10.1007/s10015-006-0411-y,
   author = {Eaton, Malachy and Davitt, Thomas J.},
   affiliation = {University of Limerick Department of Computer Science and Information Systems, College of Informatics Limerick Ireland Limerick Ireland},
   title = {Evolutionary control of bipedal locomotion in a high degree-of-freedom humanoid robot: first steps},
   journal = {Artificial Life and Robotics},
   publisher = {Springer Japan},
   issn = {1433-5298},
   keyword = {Computer Science},
   pages = {112-115},
   volume = {11},
   issue = {1},
   url = {http://dx.doi.org/10.1007/s10015-006-0411-y},
   note = {10.1007/s10015-006-0411-y},
   year = {2007}
}

@article{springerlink:10.1007/s10015-006-0411-y,
   author = {Eaton, Malachy and Davitt, Thomas J.},
   affiliation = {University of Limerick Department of Computer Science and Information Systems, College of Informatics Limerick Ireland Limerick Ireland},
   title = {Evolutionary control of bipedal locomotion in a high degree-of-freedom humanoid robot: first steps},
   journal = {Artificial Life and Robotics},
   publisher = {Springer Japan},
   issn = {1433-5298},
   keyword = {Computer Science},
   pages = {112-115},
   volume = {11},
   issue = {1},
   url = {http://dx.doi.org/10.1007/s10015-006-0411-y},
   note = {10.1007/s10015-006-0411-y},
   year = {2007}
}

@mastersthesis{steptowardevolvingbipedwalkingbehavior,
	author = {Randal S. Olson},
	title = {A Step Toward Evolving Biped Walking Behavior Through Indirect Encoding},
	year = {2010}
}